<?xml version="1.0" encoding="UTF-8"?><collection xmlns="http://www.loc.gov/MARC21/slim"><record><leader>00408nam--2200133-i-4500</leader><controlfield tag="001">000043826</controlfield><controlfield tag="002">20161230</controlfield><controlfield tag="005">20170125171033</controlfield><controlfield tag="008">060222s1000------------r-----000-0-eng-d</controlfield><datafield ind1=" " ind2=" " tag="245"><subfield code="a">Studii si cercetari de protectia muncii. igiena si fiziologia muncii. boli profesionale. tehnica securitatii muncii</subfield></datafield><datafield ind1=" " ind2=" " tag="260"><subfield code="a">Bucuresti</subfield><subfield code="b">Ed.Medicala</subfield><subfield code="c">1964</subfield></datafield><datafield ind1=" " ind2=" " tag="300"><subfield code="a">762 p</subfield></datafield><datafield ind1=" " ind2=" " tag="852"><subfield code="a">22906</subfield></datafield><datafield ind1=" " ind2=" " tag="CAT"><subfield code="a">SYS</subfield><subfield code="c">20170125</subfield><subfield code="h">171033</subfield></datafield></record></collection>